@book{Cormen10fr,
    author    = {Cormen and Leiserson and Rivest and Stein},
    title     = {{I}ntroduction to {A}lgorithms, third edition},
    note      = {Traduction française par Philippe Chrétienne, Claire Hanen,
        Alix Munier et Christophe Picouleau, 2010},
    year      = {2009},
    publisher = {The MIT Press}
}

@book{Harkins12fr,
    title  = {{B}asics {T}ypography},
    author = {Michael Harkins},
    note   = {Traduction française par Adélaïde Blot et Iris Engintalay, 2012},
    year   = {2010},
    volume = {1}
}

@article{Knuth81,
    title   = {{B}reaking {P}aragraphs into {L}ines},
    author  = {{K}nuth, {D}onald {E}. and {P}lass, {M}ichael {F}.},
    year    = {1981},
    journal = {{S}oftware — {P}ractice and {E}xperience},
    volume  = {11},
    pages   = {1119--1184}
}

@article{Samet82,
    author  = {Samet, Hanan},
    editor  = {Rivest, Ronald L.},
    title   = {{H}euristics for the {L}ine {D}ivision {P}roblem in {C}omputer {J}ustified {T}ext},
    journal = {Communications of the ACM},
    volume  = {25},
    number  = {8},
    pages   = {564--571},
    year    = {1982}
}

@book{Van96cognitive,
    title     = {Cognitive Aspects of Electronic Text Processing},
    author    = {van Oostendorp, H. and de Mul, S. and Mul, S.},
    isbn      = {9781567502350},
    lccn      = {96004090},
    series    = {Advances in discourse processes},
    url       = {http://books.google.fr/books?id=Zx7MsVG0DC0C},
    year      = {1996},
    publisher = {Ablex Publishing Corporation},
    pages     = {188--190}
}
